@article{Ramanan12,
	author={Pirsiavash, H. and Ramanan, D.},
	journal={Computer Vision and Pattern Recognition, 2012.}, 
	title={Detecting activities of daily living in first-person camera views},
	pages={2847--2854}
}

@article{Marszalek09,
	author={Marszalek, M. and Laptev, I. and Schmid, C.},
	journal={Computer Vision and Pattern Recognition, 2009.}, 
	title={Actions in context},
	pages={2929-2936}
}

@article{Jiang12,
	author = {Jiang, Yuning and Yuan, Junsong and Yu, Gang},
	title = {Randomized spatial partition for scene recognition},
	journal = {Proceedings of the 12th European conference on Computer Vision - Volume Part II},
	year = {2012},
	pages = {730--743}
} 

@article{Laptev08,
	author={Laptev, I. and Marszalek, M. and Schmid, C. and Rozenfeld, B.},
	journal={Computer Vision and Pattern Recognition, 2008.}, 
	title={Learning realistic human actions from movies},
	pages={1-8}
}


@article{Fathi12,
	title={Learning to Recognize Daily Actions using Gaze},
	author={Fathi, Alireza and Li, Yin and Rehg, James M},
	journal = {Proceedings of the 12th European conference on Computer Vision - Volume Part II},
	year = {2012},
}

@article{Kopp97,
	title={The Arm Motor Ability Test: reliability, validity, and sensitivity to change of an instrument for assessing disabilities in activities of daily living.},
	author={Kopp, Bruno and Kunkel, Annett and Flor, Herta and Platz, Thomas and Rose, Ulrike and Mauritz, Karl-Heinz and Gresser, Klaus and McCulloch, Karen L and Taub, Edward and others},
	journal={Archives of physical medicine and rehabilitation},
	volume={78},
	number={6},
	pages={615},
	year={1997}
}


@article{Catz97,
	title={SCIM--spinal cord independence measure: a new disability scale for patients with spinal cord lesions.},
	author={Catz, A and Itzkovich, M and Agranov, E and Ring, H and Tamir, A and others},
	journal={Spinal Cord},
	volume={35},
	number={12},
	pages={850},
	year={1997}
}

@article{Itzkovich07,
  title={The Spinal Cord Independence Measure (SCIM) version III: reliability and validity in a multi-center international study},
  author={Itzkovich, M and Gelernter, I and Biering-Sorensen, F and Weeks, C and Laramee, MT and Craven, BC and Tonack, M and Hitzig, SL and Glaser, E and Zeilig, G and others},
  journal={Disability \& Rehabilitation},
  volume={29},
  number={24},
  pages={1926--1933},
  year={2007}
}

@article{Sellen07,
		 author = {Sellen, Abigail J. and Fogg, Andrew and Aitken, Mike and Hodges, Steve and Rother, Carsten and Wood, Ken},
	  title = {Do life-logging technologies support memory for the past?: an experimental study using sensecam},
		 journal= {Proceedings of the SIGCHI Conference on Human Factors in Computing Systems},
			 year = {2007},
				  pages = {81--90},
} 


@article{Lazebnik06,
	 author = {Lazebnik, Svetlana and Schmid, Cordelia and Ponce, Jean},
	  title = {Beyond Bags of Features: Spatial Pyramid Matching for Recognizing Natural Scene Categories},
		 journal= {Proceedings of the 2006 IEEE Computer Society Conference on Computer Vision and Pattern Recognition - Volume 2},
		  series = {CVPR '06},
			 year = {2006},
				 pages = {2169--2178},
} 

@article{Zhu06,
	  title={Multi-class adaboost},
		  author={Zhu, Ji and Rosset, Saharon and Zou, Hui and Hastie, Trevor},
			  journal={Ann Arbor},
				  volume={1001},
					  number={48109},
						  pages={1612},
							  year={2006}
}

@article{Lee12,
	author={Yong Jae Lee and Ghosh, J. and Grauman, K.},
	journal={Computer Vision and Pattern Recognition (CVPR), 2012 IEEE Conference on}, 
	title={Discovering important people and objects for egocentric video summarization},
	year={2012},
	pages={1346-1353},
}

@article{Chang11,
   author = {Chang, Chih-Chung and Lin, Chih-Jen},
    title = {LIBSVM: A library for support vector machines},
     journal = {ACM Trans. Intell. Syst. Technol.},
          year = {2011},
            pages = {27:1--27:27},
} 

@article{Fathi11,
  author={Fathi, A. and Xiaofeng Ren and Rehg, J.M.},
  journal={Computer Vision and Pattern Recognition (CVPR), 2011 IEEE
    Conference on}, 
  title={Learning to recognize objects in egocentric
      activities},
  year={2011},
  pages={3281-3288},
}

@article{Sharma11,
  title = {{Learning discriminative spatial representation for
                image classification}},
  author = {Sharma, Gaurav and Jurie, Fr{\'e}d{\'e}ric},
                                  journal= {{British Machine Vision
                                    Conference (BMVC)}},
                                              year = {2011},
}

@article{Kovashka10,
    title={Learning a hierarchy of discriminative space-time neighborhood
      features for human action recognition},
      author={Kovashka, Adriana and Grauman, Kristen},
        booktitle={Computer Vision and Pattern Recognition (CVPR), 2010 IEEE
          Conference on},
            year={2010},
}

@article{Schuldt04,
  author={Schuldt, C. and Laptev, I. and Caputo, B.},
  journal={Pattern Recognition, 2004. ICPR 2004. Proceedings of the 17th International Conference on}, title={Recognizing human actions: a local SVM approach},
  year={2004},
  volume={3},
  pages={32-36 Vol.3},
}

@article{Rodriguez08,
  author={Rodriguez, M.D. and Ahmed, J. and Shah, M.},
  booktitle={Computer Vision and Pattern Recognition, 2008. CVPR 2008. IEEE Conference on}, title={Action MACH a spatio-temporal Maximum Average Correlation Height filter for action recognition},
  year={2008},
  pages={1-8},
}

@article{Bosch07,
   author = {Bosch, Anna and Zisserman, Andrew and Munoz, Xavier},
    title = {Representing shape with a spatial pyramid kernel},
     journal= {Proceedings of the 6th ACM international conference on Image and video retrieval},
      series = {CIVR '07},
       year = {2007},
} 


@inproceedings{Choi08,
   author = {Choi, Jaesik and Jeon, Won J. and Lee, Sang-Chul},
    title = {Spatio-temporal pyramid matching for sports videos},
     journal = {Proceedings of the 1st ACM international conference on
       Multimedia information retrieval},
       year = {2008},
} 


