@ARTICLE{Hodges2011,
AUTHOR = {S. Hodges and E. Berry and K. Wood},
TITLE = {Sensecam: A Wearable Camera which Stimulates and Rehabilitates Autobiographical Memory},
JOURNAL = {Memory},
YEAR = {2011},
}

@INPROCEEDINGS{Choi08,
TITLE = {Spatio-temporal pyramid matching for sports videos},
AUTHOR = {J. Choi and W. Jeon and S.-C. Lee},
BOOKTITLE = {ACM Multimedia},
YEAR = {2008},
}

@INPROCEEDINGS{DPM,
AUTHOR = {P. Felzenszwalb and D. McAllester and D. Ramanan},
TITLE = {A Discriminatively Trained, Multiscale, Deformable Part Model},
BOOKTITLE = {CVPR},
YEAR = {2008},
}


@INPROCEEDINGS{Laptev03,
AUTHOR = {I. Laptev and T. Lindeberg},
TITLE = {Space-Time Interest Points},
BOOKTITLE = {CVPR},
YEAR = {2003},
}

@INPROCEEDINGS{Ramanan03,
AUTHOR = {D. Ramanan and D. Forsyth},
TITLE = {Automatic annotation of everyday movements},
YEAR = {2003},
BOOKTITLE = {NIPS},
}


@inproceedings{Ramanan12,
	author={Pirsiavash, H. and Ramanan, D.},
	booktitle={CVPR},
YEAR = {2012},
	title={Detecting activities of daily living in first-person camera views},
}

@inproceedings{Marszalek09,
	author={Marszalek, M. and Laptev, I. and Schmid, C.},
	booktitle={CVPR},
	title={Actions in context},
YEAR = {2009},
}

@INPROCEEDINGS{Spriggs,
AUTHOR = {E. Spriggs and F. D. la Torre and M. Hebert},
TITLE = {Temporal segmentation and activity classification from first-person sensing},
BOOKTITLE = {CVPR Workshop on Egocentric Vision},
YEAR = {2009},
}

@INPROCEEDINGS{Rao01,
AUTHOR = {C. Rao and M. Shah},
TITLE = {View-invariance in action recognition},
BOOKTITLE = {CVPR},
YEAR = {2001},
}


@inproceedings{Jiang12,
	author = {Y. Jiang and J. Yuan and G. Yu},
	title = {Randomized spatial partition for scene recognition},
	booktitle  = {ECCV},
	year = {2012},
}

@inproceedings{Laptev08,
	author={Laptev, I. and Marszalek, M. and Schmid, C. and Rozenfeld, B.},
	booktitle={CVPR},
	title={Learning realistic human actions from movies},
	YEAR = {2008},
}

@INPROCEEDINGS{ren-gu-cvpr2010,
AUTHOR = {X. Ren and C. Gu},
TITLE = {Figure-ground segmentation improves handled object recognition in egocentric video},
BOOKTITLE = {CVPR},
YEAR = {2010},
}


@INPROCEEDINGS{Fathi-ICCV2011,
AUTHOR = {A. Fathi and A. Farhadi and J. Rehg},
TITLE = {Understanding egocentric activities},
BOOKTITLE = {ICCV},
YEAR = {2011},
}

@inproceedings{Fathi12,
	title={Learning to Recognize Daily Actions using Gaze},
	author={A. Fathi and Y. Li and J. Rehg},
	booktitle  = {ECCV},
	year = {2012},
}

@article{Kopp97,
	title={The Arm Motor Ability Test: reliability, validity, and sensitivity to change of an instrument for assessing disabilities in activities of daily living},
	author={Kopp, B. and Kunkel, A. and Flor, H. and Platz, T. and Rose, U. and Mauritz, K. and Gresser, K. and McCulloch, K. and Taub, E.},
	journal={Archives of physical medicine and rehabilitation},
	volume={78},
	number={6},
	pages={615--620},
	year={1997}
}


@article{Catz97,
	title={SCIM--spinal cord independence measure: a new disability scale for patients with spinal cord lesions.},
	author={Catz, A and Itzkovich, M and Agranov, E and Ring, H and Tamir, A and others},
	journal={Spinal Cord},
	volume={35},
	number={12},
	pages={850},
	year={1997}
}

@article{Itzkovich07,
  title={The Spinal Cord Independence Measure (SCIM) version III: reliability and validity in a multi-center international study},
  author={Itzkovich, M and Gelernter, I and Biering-Sorensen, F and Weeks, C and Laramee, MT and Craven, BC and Tonack, M and Hitzig, SL and Glaser, E and Zeilig, G and others},
  journal={Disability \& Rehabilitation},
  volume={29},
  number={24},
  pages={1926--1933},
  year={2007}
}

@article{Sellen07,
		 author = {Sellen, Abigail J. and Fogg, Andrew and Aitken, Mike and Hodges, Steve and Rother, Carsten and Wood, Ken},
	  title = {Do life-logging technologies support memory for the past?: an experimental study using sensecam},
		 journal= {Proceedings of the SIGCHI Conference on Human Factors in Computing Systems},
			 year = {2007},
				  pages = {81--90},
}


@inproceedings{Lazebnik06,
	 author = {S. Lazebnik and C. Schmid and J. Ponce},
	  title = {Beyond Bags of Features: Spatial Pyramid Matching for Recognizing Natural Scene Categories},
		 booktitle = {CVPR},
			 year = {2006},
	
}

@article{Zhu06,
	  title={Multi-class adaboost},
		  author={Zhu, J. and Rosset, S. and Zou, H. and Hastie, T.},
			  journal={Statistics and Its Interface},
			VOLUME = {13},
							  year={2009},
}

@INPROCEEDINGS{novelty,
AUTHOR = {O. Aghazadeh and J. Sullivan and S. Carlsson},
TITLE = {Novelty Detection from an Egocentric Perspective},
BOOKTITLE = {CVPR},
YEAR = {2011},
}

@INPROCEEDINGS{jojic,
AUTHOR = {N. Jojic and A. Perina and V. Murino},
TITLE = {Structural Epitome: A Way to Summarize One's Visual Experience},
BOOKTITLE = {NIPS},
YEAR = {2010},
}

@INPROCEEDINGS{kitani,
AUTHOR = {K. Kitani and T. Okabe and Y. Sato and A. Sugimoto},
TITLE = {Fast Unsupervised Ego-Action Learning for First-Person Sports Video},
BOOKTITLE = {CVPR},
YEAR = {2011},
}


@INPROCEEDINGS{Sundaram,
AUTHOR = {S. Sundaram and W. Cuevas},
TITLE = {High level activity recognition using low resolution wearable vision},
BOOKTITLE = {IEEE Workshop on Egocentric Vision},
YEAR = {2009},
}

@INPROCEEDINGS{clarkson,
AUTHOR = {B. Clarkson and A. Pentland},
TITLE = {Unsupervised Clustering of Ambulatory Audio and Video},
BOOKTITLE = {ICASSP},
YEAR = {1999},
}


@INPROCEEDINGS{Hanheide,
AUTHOR = {M. Hanheide and N. Hofemann and G. Sagerer},
TITLE = {Action recognition in a wearable assistance system},
BOOKTITLE = {ICPR},
YEAR = {2006},
}


@inproceedings{Lee12,
	author={Y. Lee and J. Ghosh and K. Grauman},
	booktitle ={CVPR},
	title={Discovering important people and objects for egocentric video summarization},
	year={2012},
}

@article{Chang11,
   author = {Chang, Chih-Chung and Lin, Chih-Jen},
    title = {L{I}{B}{S}{V}{M}: A library for support vector machines},
     journal = {ACM Trans. Intell. Syst. Technol.},
          year = {2011},
            pages = {27:1--27:27},
}

@inproceedings{Fathi11,
  author={Fathi, A. and Xiaofeng Ren and Rehg, J.M.},
  booktitle={CVPR},
  title={Learning to recognize objects in egocentric activities},
  year={2011},
}

@inproceedings{Sharma11,
  title = {{Learning discriminative spatial representation for                image classification}},
  author = {G. Sharma and F. Jurie},
                                  booktitle = {BMVC},
                                              year = {2011},
}

@inproceedings{Kovashka10,
    title={Learning a hierarchy of discriminative space-time neighborhood features for human action recognition},
      author={A. Kovashka and K. Grauman},
        booktitle={CVPR},
            year={2010},
}

@inproceedings{Schuldt04,
  author={Schuldt, C. and Laptev, I. and Caputo, B.},
  booktitle ={ICPR},
  title={Recognizing human actions: a local SVM approach},
  year={2004},
}

@inproceedings{Rodriguez08,
  author={M. Rodriguez and J. Ahmed and M. Shah},
  booktitle= {CVPR},
  title={Action {M}{A}{C}{H} a spatio-temporal Maximum Average Correlation Height filter for action recognition},
  year={2008},
}

@INPROCEEDINGS{Bosch07,
   author = {A. Bosch and A. Zisserman and X. Munoz},
    title = {Representing shape with a spatial pyramid kernel},
     BOOKTITLE = {CIVR},
       year = {2007},
}
